%YAML 1.1
%TAG !u! tag:unity3d.com,2011:
--- !u!91 &9100000
AnimatorController:
  m_ObjectHideFlags: 0
  m_PrefabParentObject: {fileID: 0}
  m_PrefabInternal: {fileID: 0}
  m_Name: AnimatorController
  serializedVersion: 2
  m_AnimatorParameters:
  - m_Name: attack_anim_trigger
    m_Type: 9
    m_DefaultFloat: 0
    m_DefaultInt: 0
    m_DefaultBool: 0
    m_Controller: {fileID: 9100000}
  - m_Name: death_anim_trigger
    m_Type: 9
    m_DefaultFloat: 0
    m_DefaultInt: 0
    m_DefaultBool: 0
    m_Controller: {fileID: 9100000}
  - m_Name: flail_anim_trigger
    m_Type: 9
    m_DefaultFloat: 0
    m_DefaultInt: 0
    m_DefaultBool: 0
    m_Controller: {fileID: 9100000}
  - m_Name: run_anim_trigger
    m_Type: 9
    m_DefaultFloat: 0
    m_DefaultInt: 0
    m_DefaultBool: 0
    m_Controller: {fileID: 9100000}
  - m_Name: skill1_anim_trigger
    m_Type: 9
    m_DefaultFloat: 0
    m_DefaultInt: 0
    m_DefaultBool: 0
    m_Controller: {fileID: 9100000}
  - m_Name: stun_anim_trigger
    m_Type: 9
    m_DefaultFloat: 0
    m_DefaultInt: 0
    m_DefaultBool: 0
    m_Controller: {fileID: 9100000}
  - m_Name: toIdle
    m_Type: 4
    m_DefaultFloat: 0
    m_DefaultInt: 0
    m_DefaultBool: 0
    m_Controller: {fileID: 9100000}
  m_AnimatorLayers:
  - serializedVersion: 3
    m_Name: Base Layer
    m_StateMachine: {fileID: 110700000}
    m_Mask: {fileID: 0}
    m_BlendingMode: 0
    m_SyncedLayerIndex: -1
    m_StateMachineMotionSetIndex: 0
    m_DefaultWeight: 0
    m_IKPass: 0
    m_SyncedLayerAffectsTiming: 0
    m_Controller: {fileID: 9100000}
--- !u!1101 &110100000
Transition:
  serializedVersion: 2
  m_ObjectHideFlags: 3
  m_PrefabParentObject: {fileID: 0}
  m_PrefabInternal: {fileID: 0}
  m_Name: 
  m_SrcState: {fileID: 110223705}
  m_DstState: {fileID: 110200000}
  m_TransitionDuration: .176470593
  m_TransitionOffset: 0
  m_Conditions:
  - m_ConditionMode: 5
    m_ConditionEvent: attack_anim_trigger
    m_EventTreshold: 0
    m_ExitTime: .823529422
  m_Atomic: 1
  m_Solo: 0
  m_Mute: 0
  m_CanTransitionToSelf: 0
--- !u!1101 &110107904
Transition:
  serializedVersion: 2
  m_ObjectHideFlags: 3
  m_PrefabParentObject: {fileID: 0}
  m_PrefabInternal: {fileID: 0}
  m_Name: 
  m_SrcState: {fileID: 110200000}
  m_DstState: {fileID: 110270197}
  m_TransitionDuration: .122448973
  m_TransitionOffset: 0
  m_Conditions:
  - m_ConditionMode: 1
    m_ConditionEvent: death_anim_trigger
    m_EventTreshold: 0
    m_ExitTime: .877551019
  m_Atomic: 1
  m_Solo: 0
  m_Mute: 0
  m_CanTransitionToSelf: 0
--- !u!1101 &110114659
Transition:
  serializedVersion: 2
  m_ObjectHideFlags: 3
  m_PrefabParentObject: {fileID: 0}
  m_PrefabInternal: {fileID: 0}
  m_Name: 
  m_SrcState: {fileID: 110222950}
  m_DstState: {fileID: 110200000}
  m_TransitionDuration: .25
  m_TransitionOffset: 0
  m_Conditions:
  - m_ConditionMode: 1
    m_ConditionEvent: toIdle
    m_EventTreshold: 0
    m_ExitTime: .75
  m_Atomic: 1
  m_Solo: 0
  m_Mute: 0
  m_CanTransitionToSelf: 0
--- !u!1101 &110140317
Transition:
  serializedVersion: 2
  m_ObjectHideFlags: 3
  m_PrefabParentObject: {fileID: 0}
  m_PrefabInternal: {fileID: 0}
  m_Name: 
  m_SrcState: {fileID: 110235648}
  m_DstState: {fileID: 110200000}
  m_TransitionDuration: .206896544
  m_TransitionOffset: 0
  m_Conditions:
  - m_ConditionMode: 1
    m_ConditionEvent: toIdle
    m_EventTreshold: 0
    m_ExitTime: .793103456
  m_Atomic: 1
  m_Solo: 0
  m_Mute: 0
  m_CanTransitionToSelf: 0
--- !u!1101 &110151116
Transition:
  serializedVersion: 2
  m_ObjectHideFlags: 3
  m_PrefabParentObject: {fileID: 0}
  m_PrefabInternal: {fileID: 0}
  m_Name: 
  m_SrcState: {fileID: 110200000}
  m_DstState: {fileID: 110222950}
  m_TransitionDuration: .122448973
  m_TransitionOffset: 0
  m_Conditions:
  - m_ConditionMode: 1
    m_ConditionEvent: run_anim_trigger
    m_EventTreshold: 0
    m_ExitTime: .877551019
  m_Atomic: 1
  m_Solo: 0
  m_Mute: 0
  m_CanTransitionToSelf: 0
--- !u!1101 &110155564
Transition:
  serializedVersion: 2
  m_ObjectHideFlags: 3
  m_PrefabParentObject: {fileID: 0}
  m_PrefabInternal: {fileID: 0}
  m_Name: 
  m_SrcState: {fileID: 110262190}
  m_DstState: {fileID: 110200000}
  m_TransitionDuration: .101694912
  m_TransitionOffset: 0
  m_Conditions:
  - m_ConditionMode: 1
    m_ConditionEvent: toIdle
    m_EventTreshold: 0
    m_ExitTime: .898305058
  m_Atomic: 1
  m_Solo: 0
  m_Mute: 0
  m_CanTransitionToSelf: 0
--- !u!1101 &110156818
Transition:
  serializedVersion: 2
  m_ObjectHideFlags: 3
  m_PrefabParentObject: {fileID: 0}
  m_PrefabInternal: {fileID: 0}
  m_Name: 
  m_SrcState: {fileID: 110293946}
  m_DstState: {fileID: 110200000}
  m_TransitionDuration: .176470593
  m_TransitionOffset: 0
  m_Conditions:
  - m_ConditionMode: 5
    m_ConditionEvent: attack_anim_trigger
    m_EventTreshold: 0
    m_ExitTime: .823529422
  m_Atomic: 1
  m_Solo: 0
  m_Mute: 0
  m_CanTransitionToSelf: 0
--- !u!1101 &110160012
Transition:
  serializedVersion: 2
  m_ObjectHideFlags: 3
  m_PrefabParentObject: {fileID: 0}
  m_PrefabInternal: {fileID: 0}
  m_Name: 
  m_SrcState: {fileID: 110200000}
  m_DstState: {fileID: 110235648}
  m_TransitionDuration: .122448973
  m_TransitionOffset: 0
  m_Conditions:
  - m_ConditionMode: 1
    m_ConditionEvent: flail_anim_trigger
    m_EventTreshold: 0
    m_ExitTime: .877551019
  m_Atomic: 1
  m_Solo: 0
  m_Mute: 0
  m_CanTransitionToSelf: 0
--- !u!1101 &110165301
Transition:
  serializedVersion: 2
  m_ObjectHideFlags: 3
  m_PrefabParentObject: {fileID: 0}
  m_PrefabInternal: {fileID: 0}
  m_Name: 
  m_SrcState: {fileID: 110270197}
  m_DstState: {fileID: 110200000}
  m_TransitionDuration: .15384616
  m_TransitionOffset: 0
  m_Conditions:
  - m_ConditionMode: 1
    m_ConditionEvent: toIdle
    m_EventTreshold: 0
    m_ExitTime: .846153855
  m_Atomic: 1
  m_Solo: 0
  m_Mute: 0
  m_CanTransitionToSelf: 0
--- !u!1101 &110169624
Transition:
  serializedVersion: 2
  m_ObjectHideFlags: 3
  m_PrefabParentObject: {fileID: 0}
  m_PrefabInternal: {fileID: 0}
  m_Name: 
  m_SrcState: {fileID: 110200000}
  m_DstState: {fileID: 110262190}
  m_TransitionDuration: .122448973
  m_TransitionOffset: 0
  m_Conditions:
  - m_ConditionMode: 1
    m_ConditionEvent: stun_anim_trigger
    m_EventTreshold: 0
    m_ExitTime: .877551019
  m_Atomic: 1
  m_Solo: 0
  m_Mute: 0
  m_CanTransitionToSelf: 0
--- !u!1101 &110176498
Transition:
  serializedVersion: 2
  m_ObjectHideFlags: 3
  m_PrefabParentObject: {fileID: 0}
  m_PrefabInternal: {fileID: 0}
  m_Name: 
  m_SrcState: {fileID: 110200000}
  m_DstState: {fileID: 110293946}
  m_TransitionDuration: .122448973
  m_TransitionOffset: 0
  m_Conditions:
  - m_ConditionMode: 1
    m_ConditionEvent: skill1_anim_trigger
    m_EventTreshold: 0
    m_ExitTime: .877551019
  m_Atomic: 1
  m_Solo: 0
  m_Mute: 0
  m_CanTransitionToSelf: 0
--- !u!1101 &110189213
Transition:
  serializedVersion: 2
  m_ObjectHideFlags: 3
  m_PrefabParentObject: {fileID: 0}
  m_PrefabInternal: {fileID: 0}
  m_Name: 
  m_SrcState: {fileID: 110200000}
  m_DstState: {fileID: 110223705}
  m_TransitionDuration: .122448973
  m_TransitionOffset: 0
  m_Conditions:
  - m_ConditionMode: 1
    m_ConditionEvent: attack_anim_trigger
    m_EventTreshold: 0
    m_ExitTime: .877551019
  m_Atomic: 1
  m_Solo: 0
  m_Mute: 0
  m_CanTransitionToSelf: 0
--- !u!1102 &110200000
State:
  m_ObjectHideFlags: 3
  m_PrefabParentObject: {fileID: 0}
  m_PrefabInternal: {fileID: 0}
  m_Name: idle
  m_Speed: 1
  m_CycleOffset: 0
  m_Motions:
  - {fileID: 7400008, guid: b4daec25d7e5c164191cfb710973a3c5, type: 3}
  m_ParentStateMachine: {fileID: 110700000}
  m_Position: {x: 84, y: 6, z: 0}
  m_IKOnFeet: 0
  m_Mirror: 0
  m_Tag: 
--- !u!1102 &110222950
State:
  m_ObjectHideFlags: 3
  m_PrefabParentObject: {fileID: 0}
  m_PrefabInternal: {fileID: 0}
  m_Name: run
  m_Speed: 1
  m_CycleOffset: 0
  m_Motions:
  - {fileID: 7400010, guid: b4daec25d7e5c164191cfb710973a3c5, type: 3}
  m_ParentStateMachine: {fileID: 110700000}
  m_Position: {x: 336, y: 12, z: 0}
  m_IKOnFeet: 0
  m_Mirror: 0
  m_Tag: 
--- !u!1102 &110223705
State:
  m_ObjectHideFlags: 3
  m_PrefabParentObject: {fileID: 0}
  m_PrefabInternal: {fileID: 0}
  m_Name: attack
  m_Speed: 1
  m_CycleOffset: 0
  m_Motions:
  - {fileID: 7400002, guid: b4daec25d7e5c164191cfb710973a3c5, type: 3}
  m_ParentStateMachine: {fileID: 110700000}
  m_Position: {x: -168, y: 12, z: 0}
  m_IKOnFeet: 0
  m_Mirror: 0
  m_Tag: 
--- !u!1102 &110235648
State:
  m_ObjectHideFlags: 3
  m_PrefabParentObject: {fileID: 0}
  m_PrefabInternal: {fileID: 0}
  m_Name: flail
  m_Speed: 1
  m_CycleOffset: 0
  m_Motions:
  - {fileID: 7400006, guid: b4daec25d7e5c164191cfb710973a3c5, type: 3}
  m_ParentStateMachine: {fileID: 110700000}
  m_Position: {x: 216, y: -72, z: 0}
  m_IKOnFeet: 0
  m_Mirror: 0
  m_Tag: 
--- !u!1102 &110262190
State:
  m_ObjectHideFlags: 3
  m_PrefabParentObject: {fileID: 0}
  m_PrefabInternal: {fileID: 0}
  m_Name: stun
  m_Speed: 1
  m_CycleOffset: 0
  m_Motions:
  - {fileID: 7400016, guid: b4daec25d7e5c164191cfb710973a3c5, type: 3}
  m_ParentStateMachine: {fileID: 110700000}
  m_Position: {x: -72, y: 96, z: 0}
  m_IKOnFeet: 0
  m_Mirror: 0
  m_Tag: 
--- !u!1102 &110270197
State:
  m_ObjectHideFlags: 3
  m_PrefabParentObject: {fileID: 0}
  m_PrefabInternal: {fileID: 0}
  m_Name: death
  m_Speed: 1
  m_CycleOffset: 0
  m_Motions:
  - {fileID: 7400004, guid: b4daec25d7e5c164191cfb710973a3c5, type: 3}
  m_ParentStateMachine: {fileID: 110700000}
  m_Position: {x: -60, y: -72, z: 0}
  m_IKOnFeet: 0
  m_Mirror: 0
  m_Tag: 
--- !u!1102 &110293946
State:
  m_ObjectHideFlags: 3
  m_PrefabParentObject: {fileID: 0}
  m_PrefabInternal: {fileID: 0}
  m_Name: spirit_lance
  m_Speed: 1
  m_CycleOffset: 0
  m_Motions:
  - {fileID: 7400014, guid: b4daec25d7e5c164191cfb710973a3c5, type: 3}
  m_ParentStateMachine: {fileID: 110700000}
  m_Position: {x: 192, y: 96, z: 0}
  m_IKOnFeet: 0
  m_Mirror: 0
  m_Tag: 
--- !u!1107 &110700000
StateMachine:
  serializedVersion: 2
  m_ObjectHideFlags: 3
  m_PrefabParentObject: {fileID: 0}
  m_PrefabInternal: {fileID: 0}
  m_Name: Base Layer
  m_DefaultState: {fileID: 110200000}
  m_States:
  - {fileID: 110200000}
  - {fileID: 110223705}
  - {fileID: 110270197}
  - {fileID: 110235648}
  - {fileID: 110222950}
  - {fileID: 110293946}
  - {fileID: 110262190}
  m_ChildStateMachine: []
  m_ChildStateMachinePosition: []
  m_OrderedTransitions:
    data:
      first: {fileID: 110262190}
      second:
      - {fileID: 110155564}
    data:
      first: {fileID: 110293946}
      second:
      - {fileID: 110156818}
    data:
      first: {fileID: 110222950}
      second:
      - {fileID: 110114659}
    data:
      first: {fileID: 110235648}
      second:
      - {fileID: 110140317}
    data:
      first: {fileID: 110270197}
      second:
      - {fileID: 110165301}
    data:
      first: {fileID: 110223705}
      second:
      - {fileID: 110100000}
    data:
      first: {fileID: 110200000}
      second:
      - {fileID: 110189213}
      - {fileID: 110107904}
      - {fileID: 110160012}
      - {fileID: 110151116}
      - {fileID: 110176498}
      - {fileID: 110169624}
  m_MotionSetCount: 1
  m_AnyStatePosition: {x: -336, y: -24, z: 0}
  m_ParentStateMachinePosition: {x: 800, y: 20, z: 0}
