%YAML 1.1
%TAG !u! tag:unity3d.com,2011:
--- !u!91 &9100000
AnimatorController:
  m_ObjectHideFlags: 0
  m_PrefabParentObject: {fileID: 0}
  m_PrefabInternal: {fileID: 0}
  m_Name: AnimatorController
  serializedVersion: 2
  m_AnimatorParameters:
  - m_Name: attack_anim_trigger
    m_Type: 9
    m_DefaultFloat: 0
    m_DefaultInt: 0
    m_DefaultBool: 0
    m_Controller: {fileID: 9100000}
  - m_Name: skill1_anim_trigger
    m_Type: 9
    m_DefaultFloat: 0
    m_DefaultInt: 0
    m_DefaultBool: 0
    m_Controller: {fileID: 9100000}
  - m_Name: toIdle
    m_Type: 4
    m_DefaultFloat: 0
    m_DefaultInt: 0
    m_DefaultBool: 0
    m_Controller: {fileID: 9100000}
  - m_Name: skill2_anim_trigger
    m_Type: 9
    m_DefaultFloat: 0
    m_DefaultInt: 0
    m_DefaultBool: 0
    m_Controller: {fileID: 9100000}
  - m_Name: death_anim_trigger
    m_Type: 9
    m_DefaultFloat: 0
    m_DefaultInt: 0
    m_DefaultBool: 0
    m_Controller: {fileID: 9100000}
  - m_Name: flail_anim_trigger
    m_Type: 9
    m_DefaultFloat: 0
    m_DefaultInt: 0
    m_DefaultBool: 0
    m_Controller: {fileID: 9100000}
  - m_Name: run_anim_trigger
    m_Type: 9
    m_DefaultFloat: 0
    m_DefaultInt: 0
    m_DefaultBool: 0
    m_Controller: {fileID: 9100000}
  - m_Name: stun_anim_trigger
    m_Type: 9
    m_DefaultFloat: 0
    m_DefaultInt: 0
    m_DefaultBool: 0
    m_Controller: {fileID: 9100000}
  - m_Name: skill3_anim_trigger
    m_Type: 9
    m_DefaultFloat: 0
    m_DefaultInt: 0
    m_DefaultBool: 0
    m_Controller: {fileID: 9100000}
  - m_Name: 
    m_Type: 9
    m_DefaultFloat: 0
    m_DefaultInt: 0
    m_DefaultBool: 0
    m_Controller: {fileID: 9100000}
  m_AnimatorLayers:
  - serializedVersion: 3
    m_Name: Base Layer
    m_StateMachine: {fileID: 110700000}
    m_Mask: {fileID: 0}
    m_BlendingMode: 0
    m_SyncedLayerIndex: -1
    m_StateMachineMotionSetIndex: 0
    m_DefaultWeight: 0
    m_IKPass: 0
    m_SyncedLayerAffectsTiming: 0
    m_Controller: {fileID: 9100000}
--- !u!1101 &110100000
Transition:
  serializedVersion: 2
  m_ObjectHideFlags: 3
  m_PrefabParentObject: {fileID: 0}
  m_PrefabInternal: {fileID: 0}
  m_Name: 
  m_SrcState: {fileID: 110200000}
  m_DstState: {fileID: 110288553}
  m_TransitionDuration: .15384616
  m_TransitionOffset: 0
  m_Conditions:
  - m_ConditionMode: 1
    m_ConditionEvent: attack_anim_trigger
    m_EventTreshold: 0
    m_ExitTime: .846153855
  m_Atomic: 1
  m_Solo: 0
  m_Mute: 0
  m_CanTransitionToSelf: 0
--- !u!1101 &110119255
Transition:
  serializedVersion: 2
  m_ObjectHideFlags: 3
  m_PrefabParentObject: {fileID: 0}
  m_PrefabInternal: {fileID: 0}
  m_Name: 
  m_SrcState: {fileID: 110260636}
  m_DstState: {fileID: 110200000}
  m_TransitionDuration: .15384616
  m_TransitionOffset: 0
  m_Conditions:
  - m_ConditionMode: 1
    m_ConditionEvent: toIdle
    m_EventTreshold: 0
    m_ExitTime: .846153855
  m_Atomic: 1
  m_Solo: 0
  m_Mute: 0
  m_CanTransitionToSelf: 0
--- !u!1101 &110119408
Transition:
  serializedVersion: 2
  m_ObjectHideFlags: 3
  m_PrefabParentObject: {fileID: 0}
  m_PrefabInternal: {fileID: 0}
  m_Name: 
  m_SrcState: {fileID: 110223105}
  m_DstState: {fileID: 110200000}
  m_TransitionDuration: .176470593
  m_TransitionOffset: 0
  m_Conditions:
  - m_ConditionMode: 5
    m_ConditionEvent: attack_anim_trigger
    m_EventTreshold: 0
    m_ExitTime: .823529422
  m_Atomic: 1
  m_Solo: 0
  m_Mute: 0
  m_CanTransitionToSelf: 0
--- !u!1101 &110138491
Transition:
  serializedVersion: 2
  m_ObjectHideFlags: 3
  m_PrefabParentObject: {fileID: 0}
  m_PrefabInternal: {fileID: 0}
  m_Name: 
  m_SrcState: {fileID: 110202960}
  m_DstState: {fileID: 110200000}
  m_TransitionDuration: .206896544
  m_TransitionOffset: 0
  m_Conditions:
  - m_ConditionMode: 1
    m_ConditionEvent: toIdle
    m_EventTreshold: 0
    m_ExitTime: .793103456
  m_Atomic: 1
  m_Solo: 0
  m_Mute: 0
  m_CanTransitionToSelf: 0
--- !u!1101 &110142334
Transition:
  serializedVersion: 2
  m_ObjectHideFlags: 3
  m_PrefabParentObject: {fileID: 0}
  m_PrefabInternal: {fileID: 0}
  m_Name: 
  m_SrcState: {fileID: 110200000}
  m_DstState: {fileID: 110260636}
  m_TransitionDuration: .15384616
  m_TransitionOffset: 0
  m_Conditions:
  - m_ConditionMode: 1
    m_ConditionEvent: stun_anim_trigger
    m_EventTreshold: 0
    m_ExitTime: .846153855
  m_Atomic: 1
  m_Solo: 0
  m_Mute: 0
  m_CanTransitionToSelf: 0
--- !u!1101 &110147460
Transition:
  serializedVersion: 2
  m_ObjectHideFlags: 3
  m_PrefabParentObject: {fileID: 0}
  m_PrefabInternal: {fileID: 0}
  m_Name: 
  m_SrcState: {fileID: 110210991}
  m_DstState: {fileID: 110200000}
  m_TransitionDuration: .176470593
  m_TransitionOffset: 0
  m_Conditions:
  - m_ConditionMode: 1
    m_ConditionEvent: toIdle
    m_EventTreshold: 0
    m_ExitTime: .823529422
  m_Atomic: 1
  m_Solo: 0
  m_Mute: 0
  m_CanTransitionToSelf: 0
--- !u!1101 &110150437
Transition:
  serializedVersion: 2
  m_ObjectHideFlags: 3
  m_PrefabParentObject: {fileID: 0}
  m_PrefabInternal: {fileID: 0}
  m_Name: 
  m_SrcState: {fileID: 110200000}
  m_DstState: {fileID: 110242176}
  m_TransitionDuration: .15384616
  m_TransitionOffset: 0
  m_Conditions:
  - m_ConditionMode: 1
    m_ConditionEvent: run_anim_trigger
    m_EventTreshold: 0
    m_ExitTime: .846153855
  m_Atomic: 1
  m_Solo: 0
  m_Mute: 0
  m_CanTransitionToSelf: 0
--- !u!1101 &110165778
Transition:
  serializedVersion: 2
  m_ObjectHideFlags: 3
  m_PrefabParentObject: {fileID: 0}
  m_PrefabInternal: {fileID: 0}
  m_Name: 
  m_SrcState: {fileID: 110200000}
  m_DstState: {fileID: 110210991}
  m_TransitionDuration: .15384616
  m_TransitionOffset: 0
  m_Conditions:
  - m_ConditionMode: 1
    m_ConditionEvent: 
    m_EventTreshold: 0
    m_ExitTime: .846153855
  m_Atomic: 1
  m_Solo: 0
  m_Mute: 0
  m_CanTransitionToSelf: 0
--- !u!1101 &110167469
Transition:
  serializedVersion: 2
  m_ObjectHideFlags: 3
  m_PrefabParentObject: {fileID: 0}
  m_PrefabInternal: {fileID: 0}
  m_Name: 
  m_SrcState: {fileID: 110290075}
  m_DstState: {fileID: 110200000}
  m_TransitionDuration: .315789461
  m_TransitionOffset: 0
  m_Conditions:
  - m_ConditionMode: 1
    m_ConditionEvent: toIdle
    m_EventTreshold: 0
    m_ExitTime: .684210539
  m_Atomic: 1
  m_Solo: 0
  m_Mute: 0
  m_CanTransitionToSelf: 0
--- !u!1101 &110169627
Transition:
  serializedVersion: 2
  m_ObjectHideFlags: 3
  m_PrefabParentObject: {fileID: 0}
  m_PrefabInternal: {fileID: 0}
  m_Name: 
  m_SrcState: {fileID: 110200000}
  m_DstState: {fileID: 110223105}
  m_TransitionDuration: .15384616
  m_TransitionOffset: 0
  m_Conditions:
  - m_ConditionMode: 1
    m_ConditionEvent: skill2_anim_trigger
    m_EventTreshold: 0
    m_ExitTime: .846153855
  m_Atomic: 1
  m_Solo: 0
  m_Mute: 0
  m_CanTransitionToSelf: 0
--- !u!1101 &110170697
Transition:
  serializedVersion: 2
  m_ObjectHideFlags: 3
  m_PrefabParentObject: {fileID: 0}
  m_PrefabInternal: {fileID: 0}
  m_Name: 
  m_SrcState: {fileID: 110200000}
  m_DstState: {fileID: 110255259}
  m_TransitionDuration: .15384616
  m_TransitionOffset: 0
  m_Conditions:
  - m_ConditionMode: 1
    m_ConditionEvent: skill1_anim_trigger
    m_EventTreshold: 0
    m_ExitTime: .846153855
  m_Atomic: 1
  m_Solo: 0
  m_Mute: 0
  m_CanTransitionToSelf: 0
--- !u!1101 &110172457
Transition:
  serializedVersion: 2
  m_ObjectHideFlags: 3
  m_PrefabParentObject: {fileID: 0}
  m_PrefabInternal: {fileID: 0}
  m_Name: 
  m_SrcState: {fileID: 110200000}
  m_DstState: {fileID: 110202960}
  m_TransitionDuration: .15384616
  m_TransitionOffset: 0
  m_Conditions:
  - m_ConditionMode: 1
    m_ConditionEvent: death_anim_trigger
    m_EventTreshold: 0
    m_ExitTime: .846153855
  m_Atomic: 1
  m_Solo: 0
  m_Mute: 0
  m_CanTransitionToSelf: 0
--- !u!1101 &110173543
Transition:
  serializedVersion: 2
  m_ObjectHideFlags: 3
  m_PrefabParentObject: {fileID: 0}
  m_PrefabInternal: {fileID: 0}
  m_Name: 
  m_SrcState: {fileID: 110255259}
  m_DstState: {fileID: 110285015}
  m_TransitionDuration: .15384616
  m_TransitionOffset: 0
  m_Conditions:
  - m_ConditionMode: 5
    m_ConditionEvent: attack_anim_trigger
    m_EventTreshold: 0
    m_ExitTime: .846153855
  m_Atomic: 1
  m_Solo: 0
  m_Mute: 0
  m_CanTransitionToSelf: 0
--- !u!1101 &110178231
Transition:
  serializedVersion: 2
  m_ObjectHideFlags: 3
  m_PrefabParentObject: {fileID: 0}
  m_PrefabInternal: {fileID: 0}
  m_Name: 
  m_SrcState: {fileID: 110200000}
  m_DstState: {fileID: 110290075}
  m_TransitionDuration: .15384616
  m_TransitionOffset: 0
  m_Conditions:
  - m_ConditionMode: 1
    m_ConditionEvent: flail_anim_trigger
    m_EventTreshold: 0
    m_ExitTime: .846153855
  m_Atomic: 1
  m_Solo: 0
  m_Mute: 0
  m_CanTransitionToSelf: 0
--- !u!1101 &110191810
Transition:
  serializedVersion: 2
  m_ObjectHideFlags: 3
  m_PrefabParentObject: {fileID: 0}
  m_PrefabInternal: {fileID: 0}
  m_Name: 
  m_SrcState: {fileID: 110288553}
  m_DstState: {fileID: 110200000}
  m_TransitionDuration: .15384616
  m_TransitionOffset: 0
  m_Conditions:
  - m_ConditionMode: 5
    m_ConditionEvent: attack_anim_trigger
    m_EventTreshold: 0
    m_ExitTime: .846153855
  m_Atomic: 1
  m_Solo: 0
  m_Mute: 0
  m_CanTransitionToSelf: 0
--- !u!1101 &110196730
Transition:
  serializedVersion: 2
  m_ObjectHideFlags: 3
  m_PrefabParentObject: {fileID: 0}
  m_PrefabInternal: {fileID: 0}
  m_Name: 
  m_SrcState: {fileID: 110285015}
  m_DstState: {fileID: 110200000}
  m_TransitionDuration: .25
  m_TransitionOffset: 0
  m_Conditions:
  - m_ConditionMode: 5
    m_ConditionEvent: attack_anim_trigger
    m_EventTreshold: 0
    m_ExitTime: .75
  m_Atomic: 1
  m_Solo: 0
  m_Mute: 0
  m_CanTransitionToSelf: 0
--- !u!1101 &110198503
Transition:
  serializedVersion: 2
  m_ObjectHideFlags: 3
  m_PrefabParentObject: {fileID: 0}
  m_PrefabInternal: {fileID: 0}
  m_Name: 
  m_SrcState: {fileID: 110242176}
  m_DstState: {fileID: 110200000}
  m_TransitionDuration: .25
  m_TransitionOffset: 0
  m_Conditions:
  - m_ConditionMode: 1
    m_ConditionEvent: toIdle
    m_EventTreshold: 0
    m_ExitTime: .75
  m_Atomic: 1
  m_Solo: 0
  m_Mute: 0
  m_CanTransitionToSelf: 0
--- !u!1102 &110200000
State:
  m_ObjectHideFlags: 3
  m_PrefabParentObject: {fileID: 0}
  m_PrefabInternal: {fileID: 0}
  m_Name: idle
  m_Speed: 1
  m_CycleOffset: 0
  m_Motions:
  - {fileID: 7400014, guid: 9dac86744c4910745a6748084b77ff72, type: 3}
  m_ParentStateMachine: {fileID: 110700000}
  m_Position: {x: 84, y: 0, z: 0}
  m_IKOnFeet: 0
  m_Mirror: 0
  m_Tag: 
--- !u!1102 &110202960
State:
  m_ObjectHideFlags: 3
  m_PrefabParentObject: {fileID: 0}
  m_PrefabInternal: {fileID: 0}
  m_Name: death
  m_Speed: 1
  m_CycleOffset: 0
  m_Motions:
  - {fileID: 7400010, guid: 9dac86744c4910745a6748084b77ff72, type: 3}
  m_ParentStateMachine: {fileID: 110700000}
  m_Position: {x: 336, y: -96, z: 0}
  m_IKOnFeet: 0
  m_Mirror: 0
  m_Tag: 
--- !u!1102 &110210991
State:
  m_ObjectHideFlags: 3
  m_PrefabParentObject: {fileID: 0}
  m_PrefabInternal: {fileID: 0}
  m_Name: viridi_claw_attack
  m_Speed: 1
  m_CycleOffset: 0
  m_Motions:
  - {fileID: 7400026, guid: 9dac86744c4910745a6748084b77ff72, type: 3}
  m_ParentStateMachine: {fileID: 110700000}
  m_Position: {x: -168, y: 96, z: 0}
  m_IKOnFeet: 0
  m_Mirror: 0
  m_Tag: 
--- !u!1102 &110223105
State:
  m_ObjectHideFlags: 3
  m_PrefabParentObject: {fileID: 0}
  m_PrefabInternal: {fileID: 0}
  m_Name: chronosphere
  m_Speed: 1
  m_CycleOffset: 0
  m_Motions:
  - {fileID: 7400008, guid: 9dac86744c4910745a6748084b77ff72, type: 3}
  m_ParentStateMachine: {fileID: 110700000}
  m_Position: {x: 108, y: -96, z: 0}
  m_IKOnFeet: 0
  m_Mirror: 0
  m_Tag: 
--- !u!1102 &110242176
State:
  m_ObjectHideFlags: 3
  m_PrefabParentObject: {fileID: 0}
  m_PrefabInternal: {fileID: 0}
  m_Name: run
  m_Speed: 1
  m_CycleOffset: 0
  m_Motions:
  - {fileID: 7400016, guid: 9dac86744c4910745a6748084b77ff72, type: 3}
  m_ParentStateMachine: {fileID: 110700000}
  m_Position: {x: 360, y: 48, z: 0}
  m_IKOnFeet: 0
  m_Mirror: 0
  m_Tag: 
--- !u!1102 &110255259
State:
  m_ObjectHideFlags: 3
  m_PrefabParentObject: {fileID: 0}
  m_PrefabInternal: {fileID: 0}
  m_Name: timewalk
  m_Speed: 1
  m_CycleOffset: 0
  m_Motions:
  - {fileID: 7400022, guid: 9dac86744c4910745a6748084b77ff72, type: 3}
  m_ParentStateMachine: {fileID: 110700000}
  m_Position: {x: -168, y: -84, z: 0}
  m_IKOnFeet: 0
  m_Mirror: 0
  m_Tag: 
--- !u!1102 &110257609
State:
  m_ObjectHideFlags: 3
  m_PrefabParentObject: {fileID: 0}
  m_PrefabInternal: {fileID: 0}
  m_Name: timelord_chronosphere
  m_Speed: 1
  m_CycleOffset: 0
  m_Motions:
  - {fileID: 7400020, guid: 9dac86744c4910745a6748084b77ff72, type: 3}
  m_ParentStateMachine: {fileID: 110700000}
  m_Position: {x: 84, y: 108, z: 0}
  m_IKOnFeet: 0
  m_Mirror: 0
  m_Tag: 
--- !u!1102 &110260636
State:
  m_ObjectHideFlags: 3
  m_PrefabParentObject: {fileID: 0}
  m_PrefabInternal: {fileID: 0}
  m_Name: stun
  m_Speed: 1
  m_CycleOffset: 0
  m_Motions:
  - {fileID: 7400018, guid: 9dac86744c4910745a6748084b77ff72, type: 3}
  m_ParentStateMachine: {fileID: 110700000}
  m_Position: {x: 317, y: 119, z: 0}
  m_IKOnFeet: 0
  m_Mirror: 0
  m_Tag: 
--- !u!1102 &110285015
State:
  m_ObjectHideFlags: 3
  m_PrefabParentObject: {fileID: 0}
  m_PrefabInternal: {fileID: 0}
  m_Name: timewalk_end
  m_Speed: 1
  m_CycleOffset: 0
  m_Motions:
  - {fileID: 7400024, guid: 9dac86744c4910745a6748084b77ff72, type: 3}
  m_ParentStateMachine: {fileID: 110700000}
  m_Position: {x: -156, y: -168, z: 0}
  m_IKOnFeet: 0
  m_Mirror: 0
  m_Tag: 
--- !u!1102 &110288553
State:
  m_ObjectHideFlags: 3
  m_PrefabParentObject: {fileID: 0}
  m_PrefabInternal: {fileID: 0}
  m_Name: attack
  m_Speed: 1
  m_CycleOffset: 0
  m_Motions:
  - {fileID: 7400002, guid: 9dac86744c4910745a6748084b77ff72, type: 3}
  m_ParentStateMachine: {fileID: 110700000}
  m_Position: {x: -168, y: 0, z: 0}
  m_IKOnFeet: 0
  m_Mirror: 0
  m_Tag: 
--- !u!1102 &110290075
State:
  m_ObjectHideFlags: 3
  m_PrefabParentObject: {fileID: 0}
  m_PrefabInternal: {fileID: 0}
  m_Name: flail
  m_Speed: 1
  m_CycleOffset: 0
  m_Motions:
  - {fileID: 7400012, guid: 9dac86744c4910745a6748084b77ff72, type: 3}
  m_ParentStateMachine: {fileID: 110700000}
  m_Position: {x: 372, y: -24, z: 0}
  m_IKOnFeet: 0
  m_Mirror: 0
  m_Tag: 
--- !u!1107 &110700000
StateMachine:
  serializedVersion: 2
  m_ObjectHideFlags: 3
  m_PrefabParentObject: {fileID: 0}
  m_PrefabInternal: {fileID: 0}
  m_Name: Base Layer
  m_DefaultState: {fileID: 110200000}
  m_States:
  - {fileID: 110200000}
  - {fileID: 110288553}
  - {fileID: 110223105}
  - {fileID: 110202960}
  - {fileID: 110290075}
  - {fileID: 110242176}
  - {fileID: 110260636}
  - {fileID: 110257609}
  - {fileID: 110255259}
  - {fileID: 110285015}
  - {fileID: 110210991}
  m_ChildStateMachine: []
  m_ChildStateMachinePosition: []
  m_OrderedTransitions:
    data:
      first: {fileID: 110210991}
      second:
      - {fileID: 110147460}
    data:
      first: {fileID: 110285015}
      second:
      - {fileID: 110196730}
    data:
      first: {fileID: 110255259}
      second:
      - {fileID: 110173543}
    data:
      first: {fileID: 110257609}
      second: []
    data:
      first: {fileID: 110260636}
      second:
      - {fileID: 110119255}
    data:
      first: {fileID: 110242176}
      second:
      - {fileID: 110198503}
    data:
      first: {fileID: 110290075}
      second:
      - {fileID: 110167469}
    data:
      first: {fileID: 110202960}
      second:
      - {fileID: 110138491}
    data:
      first: {fileID: 110223105}
      second:
      - {fileID: 110119408}
    data:
      first: {fileID: 110288553}
      second:
      - {fileID: 110191810}
    data:
      first: {fileID: 110200000}
      second:
      - {fileID: 110100000}
      - {fileID: 110170697}
      - {fileID: 110169627}
      - {fileID: 110172457}
      - {fileID: 110178231}
      - {fileID: 110150437}
      - {fileID: 110142334}
      - {fileID: 110165778}
  m_MotionSetCount: 1
  m_AnyStatePosition: {x: -480, y: -24, z: 0}
  m_ParentStateMachinePosition: {x: 800, y: 20, z: 0}
